@misc{nyc data science academy blog_2017, title={UFC Data Scrape using R (UFC Data Analysis Part I)}, url={https://nycdatascience.com/blog/student-works/ufc-data-scrape-using-r/}, journal={NYC Data Science Academy Blog}, publisher={2018 Data Science Academy}, year={2017}, month={Aug}}

@misc{ lahrichi_2016, title={UFC Top-10 fighters of all time}, url={http://rpubs.com/artichaud1/188654}, journal={RPubs}, publisher={RStudio}, author={ Lahrichi, Karim}, year={2016}, month={Jun}}